<?xml version="1.0" encoding="UTF-8"?><record xmlns="http://www.loc.gov/MARC21/slim" xmlns:cinclude="http://apache.org/cocoon/include/1.0" xmlns:zs="http://www.loc.gov/zing/srw/">
  <leader>00647cz  a2200193n  4500</leader>
  <controlfield tag="001">nr 94002561 </controlfield>
  <controlfield tag="003">DLC</controlfield>
  <controlfield tag="005">20060301052250.0</controlfield>
  <controlfield tag="008">940125n| acannaabn          |n ana      </controlfield>
  <datafield tag="010" ind1=" " ind2=" ">
    <subfield code="a">nr 94002561 </subfield>
  </datafield>
  <datafield tag="035" ind1=" " ind2=" ">
    <subfield code="a">(OCoLC)oca03534611</subfield>
  </datafield>
  <datafield tag="040" ind1=" " ind2=" ">
    <subfield code="a">DLC-R</subfield>
    <subfield code="b">eng</subfield>
    <subfield code="c">DLC-R</subfield>
    <subfield code="d">OCoLC</subfield>
  </datafield>
  <datafield tag="043" ind1=" " ind2=" ">
    <subfield code="a">a-ja---</subfield>
  </datafield>
  <datafield tag="151" ind1=" " ind2=" ">
    <subfield code="a">Kajikawa-mura (Japan)</subfield>
  </datafield>
  <datafield tag="670" ind1=" " ind2=" ">
    <subfield code="a">Kajikawa suigai saiban kirokushū, 1991:</subfield>
    <subfield code="b">v. 1, p. 9, 2nd gr. (Niigata-ken Kitakanbara-gun Kajikawa-mura)</subfield>
  </datafield>
  <datafield tag="670" ind1=" " ind2=" ">
    <subfield code="a">Nihon bunken chizu, 1989</subfield>
    <subfield code="b">(Kajikawa-mura)</subfield>
  </datafield>
  <datafield tag="670" ind1=" " ind2=" ">
    <subfield code="a">Zenkoku shichōson yōran, 1984</subfield>
    <subfield code="b">(Kajikawa-mura)</subfield>
  </datafield>
  <datafield tag="675" ind1=" " ind2=" ">
    <subfield code="a">Kokudo gyōsei kukaku, 1951.</subfield>
  </datafield>
  <datafield tag="781" ind1=" " ind2="0">
    <subfield code="z">Japan</subfield>
    <subfield code="z">Kajikawa-mura</subfield>
  </datafield>
</record>